@article{Wo2015,
  doi = {0.1561/0400000060},
  url = {https://www.cs.cmu.edu/afs/cs/user/dwoodruf/www/wNow3.pdf},
  year = {2015},
  pages = {161},
  author = {David P. Woodruff},
  title = {Sketching as a Tool for Numerical Linear Algebra},
  journal = {Foundations and Trends RÂ© in Theoretical Computer Science}
}

@article{Tropp,
  url = {https://tropp.caltech.edu/notes/Tro20-Randomized-Algorithms-LN.pdf},
  year = {2020},
  pages = {141},
  author = {Joel A. Tropp},
  title = {Randomized Algorithms for Matrix Computations},
  journal = {Caltech CMS Lecture Notes 2020-01}
}

@article{HalkoMartinssonTropp,
  url = {https://epubs.siam.org/doi/epdf/10.1137/090771806},
  year = {2011},
  pages = {72},
  author = {N. Halko and P. G. Martinsson and J. A. Tropp},
  title = {Finding Structure with Randomness:Probabilistic Algorithms forConstructing ApproximateMatrix Decompositions},
  journal = {SIAM Review}
}

@article{MartinssonTropp,
  url = {https://arxiv.org/pdf/2002.01387.pdf},
  year = {2021},
  pages = {116},
  author = {P. G. Martinsson and J. A. Tropp},
  title = {Randomized Numerical Linear Algebra: Foundations & Algorithms}
}


